@Comment А вот так оформляется библиография при помощи BibTeX.

@Book{Oc1,
  author =		 {Назаров, С. В. and Широков, А. И.},
  title = 		 {Современные операционные системы: учебное пособие},
  publisher = 	 {Москва : Национальный Открытый Университет «ИНТУИТ»},
  year = 		 {2012},
  page = {367},
  language =     "russian"
}
@misc{Oc2,
	title = {Основные понятия ОС [Электронный ресурс]},
	howpublished = {Режим доступа: \url{http://technomag.bmstu.ru/doc/48639.html}},
	note = {Дата доступа: 13.04.2017},
	language = "russian"
}
@misc{linuxOffDoc,
	title = {Операционные системы Linux [Электронный ресурс]},
	howpublished = {Режим доступа: \url{http://help.ubuntu.ru/wiki/linux}},
	note = {Дата доступа: 13.04.2017},
	language = "russian"
}
@misc{linuxDistr,
	title = {Linux-2017: самые перспективные дистрибутивы [Электронный ресурс]},
	howpublished = {Режим доступа: \url{https://habrahabr.ru/company/ruvds/blog/320002/}},
	note = {Дата доступа: 13.04.2017},
	language = "russian"
}
@misc{2part-1,
	title = {За пределами Стандартной модели [Электронный ресурс]},
	howpublished = {Режим доступа: \url{https://elementy.ru/LHC/HEP/SM/beyondSM}},
	note = {Дата доступа: 13.04.2017},
	language = "russian"
} 
@misc{2part-2,
	title = {Linux-2017: самые перспективные дистрибутивы [Электронный ресурс]},
	howpublished = {Режим доступа: \url{https://habrahabr.ru/company/ruvds/blog/320002/}},
	note = {Дата доступа: 13.04.2017},
	language = "russian"
}

@misc{2part-matveev,
	author = {Н. В. Красников, В. А. Матвеев},
	title = {Поиск новой физики на LHC [Электронный ресурс]},
	howpublished = {Режим доступа: \url{http://www.mathnet.ru/php/archive.phtml?wshow=paper&jrnid=tmf&paperid=367&option_lang=rus}},
	note = {Дата доступа: 13.04.2017},
	language = "russian"
}
@misc{2part-panlov,
	author = {Н. В. Красников, В. А. Матвеев},
	title = {Поиск новой физики на LHC [Электронный ресурс]},
	howpublished = {Режим доступа: \url{http://www1.jinr.ru/Pepan_letters/panl_2016_1/01_Bobovnikov.pdf}},
	note = {Дата доступа: 13.04.2017},
	language = "russian"
}
@article{Krasnikov:2004,
	author = {Н. В. Красников and В. А. Матвеев},
	title = {Поиск новой физики на большом адронном коллайдере},
	publisher = {Успехи физических наук},
	year = {2004},
	journal = {Усп. физ. наук},
	volume = {174},
	number = {7},
	pages = {697-725},
	url = {https://ufn.ru/ru/articles/2004/7/a/},
	doi = {10.3367/UFNr.0174.200407a.0697}
}

@misc{2part-pythia-all,
	author = {Н. В. Красников, В. А. Матвеев},
	title = {Поиск новой физики на LHC [Электронный ресурс]},
	howpublished = {Режим доступа: \url{http://nuclphys.sinp.msu.ru/ATLAS_exp/at03.htm}},
	note = {Дата доступа: 13.04.2017},
	language = "russian"
} 
@misc{2part-zboson,
	author = {Н. В. Красников, В. А. Матвеев},
	title = {Поиск новой физики на LHC [Электронный ресурс]},
	howpublished = {Режим доступа: \url{http://nuclphys.sinp.msu.ru/zbozon/index.html}},
	note = {Дата доступа: 13.04.2017},
	language = "russian"
}
